@MASTERSTHESIS{bib:stanek,
    author = "Petr STANĚK",
    title = "{\it Automaticky aktualizovaný webový portál}",
    school = "Vysoké učení technické v Brně, Fakulta informačních technologií",
    address = "Brno",
    year = "2016",
    type = "Bakalářská práce",
    note = "Vedoucí práce Smrž Pavel",
    url = "https://www.fit.vutbr.cz/study/DP/BP.php?id=18568&y=2015"
}    

@MISC{bib:portal-liferay,
	author = "{Liferay Inc.}",
    title = "{\it What is a Web Portal?}", 
    note = "[online; navštíveno 20.04.2019]",
    year = "{\copyright}2019",
    url = "https://www.liferay.com/resources/l/web-portal"
} 

@MISC{bib:portal-indiana,
	author = "{UITS Knowledge Management team}",
    title = "{\it What is a Web Portal?}", 
    howpublished = "Indiana University Knowledge Base",
    note = "[online; navštíveno 20.04.2019]",
    year = "2018-01-08",
    urldate = "{2019-04-20}",
    url = "https://kb.iu.edu/d/ajbd"
} 

@MISC{bib:web-development,
	author = "{Code Conquest}",
    title = "{\it Introduction to Web Development}", 
    note = "[online; navštíveno 27.04.2019]",
    year = "{\copyright}2019",
    url = "https://www.codeconquest.com/what-is-coding/web-programming/"
} 

@MISC{bib:cordis,
	author = "{European Union}",
    title = "{\it About CORDIS}", 
    note = "[online]",
    year = "{\copyright}2019",
    cited = "2019-04-27",
    url = "https://cordis.europa.eu/about/"
} 
