% https://knihovna.vse.cz/citace/prakticke-ukazky-citaci/

@MASTERSTHESIS{bib:stanek,
    author = {Petr Stan{\v{e}}k},
    type = {Bakal{\'{a}}{\v{r}}sk{\'{a}} pr{\'{a}}ce},
    title = {Automaticky aktualizovan{\'{y}} webov{\'{y}}
	port{\'{a}}l},
    school = {Vysok{\'{e}} u{\v{c}}en{\'{i}} technick{\'{e}} v Brn{\v{e}},
	Fakulta informa{\v{c}}n{\'{i}}ch technologi{\'{i}}},
    year = {2016},
    location = {Brno, CZ},
    language = {czech},
    url = {http://www.fit.vutbr.cz/study/DP/BP.php?id=18568}
}

@MISC{bib:portal-liferay,
	author = "{Liferay Inc.}",
    title = "{\it What is a Web Portal?}", 
    note = "[online; navštíveno 20.04.2019]",
    year = "2019",
    url = "https://www.liferay.com/resources/l/web-portal"
} 

@MISC{bib:portal-indiana,
	author = "{UITS Knowledge Management team}",
    title = "{\it What is a Web Portal?}", 
    howpublished = "Indiana University Knowledge Base",
    note = "[online; navštíveno 20.04.2019]",
    year = "2018-01-08",
    url = "https://kb.iu.edu/d/ajbd"
} 

@MISC{bib:web-development,
	author = "{Code Conquest}",
    title = "{\it Introduction to Web Development}", 
    note = "[online; navštíveno 27.04.2019]",
    year = "2019",
    url = "https://www.codeconquest.com/what-is-coding/web-programming/"
} 

@MISC{bib:cordis,
	author = "{European Union}",
    title = "{\it About CORDIS}", 
    note = "[online; navštíveno 27.04.2019]",
    year = "2019",
    url = "https://cordis.europa.eu/about/"
} 

@MISC{bib:flask-pinterest,
	author = "{Steve Cohen}",
    title = "{\it What challenges has Pinterest encountered with Flask?}", 
    howpublished = "Quora - A place to share knowledge and better understand the world",
    note = "[příspěvek v diskuzním fóru; navštíveno 23.04.2019]",
    year = "2015-01-08",
    url = "https://www.quora.com/What-challenges-has-Pinterest-encountered-with-Flask/answer/Steve-Cohen?share=1&srid=hXZd"
} 

@MISC{bib:flask-lyft,
	author = "{Roy Williams}",
    title = "{\it Python 3 at Lyft}", 
    howpublished = "Youtube",
    note = "[online; navštíveno 23.04.2019]",
    year = "2018-01-10",
    url = "https://www.youtube.com/watch?v=aetoXWRt24k&t=164"
} 
    
@article{bib:mvc,
    author = {Sarker, Iqbal and Apu, K},
    year = {2014},
    month = {09},
    pages = {317-322},
    title = {MVC Architecture Driven Design and Implementation of Java Framework for Developing Desktop Application},
    volume = {7},
    journal = {International Journal of Information Technology},
    doi = {10.14257/ijhit.2014.7.5.29}
}
% https://pdfs.semanticscholar.org/9077/6c1fd8c2c4dbd13b85f22e7c8c8f83331758.pdf

@BOOK{bib:responsive,
    author = "Ben Frain",
    title = "{\it Responsive Web Design with HTML5 and CSS3}",
    publisher = "Packt Publishing Ltd.",
    year = "2012",
    isbn = "978-1-84969-318-9"
}
%url = "https://books.google.cz/books?id=fcfarreMQ9sC"

@MISC{bib:mobile-first,
	author = "{Zell Liew}",
    title = "{\it How To Write Mobile-first CSS}", 
    note = "[online; navštíveno 03.05.2019]",
    year = "2014-12-17",
    url = "https://zellwk.com/blog/how-to-write-mobile-first-css/"
}

@BOOK{bib:bootstrap,
    author = "Snig Bhaumik",
    title = "{\it Bootstrap Essentials}",
    publisher = "Packt Publishing Ltd.",
    year = "2015",
    isbn = "978-1-78439-517-9"
}
%url = "https://books.google.cz/books?id=iktVCgAAQBAJ"

@BOOK{bib:bootstrap-vue,
    author = "Stuart Ratcliffe",
    title = "{\it ASP.NET Core 2 and Vue.js: Full Stack Web Development with Vue, Vuex, and ASP.NET Core 2.0}",
    publisher = "Packt Publishing Ltd.",
    year = "2018",
    isbn = "978-1-78883-946-4"
}
%url = "https://books.google.cz/books?id=Zu1mDwAAQBAJ"

@BOOK{bib:elastic-defnitive,
    author = "Clinton Gormley and Zachary Tong",
    title = "{\it Elasticsearch: The Definitive Guide: A Distributed Real-Time Search and Analytics Engine}",
    publisher = "O'Reilly Media, Inc.",
    year = "2015",
    isbn = "978-1-449-35854-9",
}
%url = "https://books.google.cz/books?id=d19aBgAAQBAJ"

@MISC{bib:flask-design,
	author = "{Pallets Team}",
    title = "{\it Design Decisions in Flask}", 
    howpublished = "Flask 1.0.2 Documentation",
    note = "[online; navštíveno 23.04.2019]",
    year = "2010",
    url = "http://flask.pocoo.org/docs/1.0/design/"
}

@MISC{bib:jinja,
	author = "{Armin Ronacher}",
    title = "{\it Welcome to Jinja2}", 
    howpublished = "Jinja 2 Documentation (2.10)",
    note = "[online; navštíveno 24.04.2019]",
    year = "2008",
    url = "http://jinja.pocoo.org/docs/2.10/"
}

@MISC{bib:flask-pep,
	author = "{Phillip J. Eby}",
    title = "{\it PEP 333 -- Python Web Server Gateway Interface v1.0}", 
    howpublished = "Python.org",
    note = "[online; navštíveno 24.04.2019]",
    year = "2003-12-7",
    url = "https://www.python.org/dev/peps/pep-0333/#rationale-and-goals"
}

@MISC{bib:flask-doc,
	author = "{Pallets Team}",
    title = "{\it Foreword}", 
    howpublished = "Flask 1.0.2 Documentation",
    note = "[online; navštíveno 24.04.2019]",
    year = "2010",
    url = "http://flask.pocoo.org/docs/1.0/foreword/"
}

@MISC{bib:flask-pym,
	author = "{Kushal Das}",
    title = "{\it Introduction to Flask}", 
    howpublished = "Python for you and me",
    note = "[online; navštíveno 23.04.2019]",
    year = "2017",
    url = "https://pymbook.readthedocs.io/en/latest/flask.html"
}

@MISC{bib:vue-progressive,
	author = "{Evan You}",
    title = "{\it The Progressive Framework}", 
    howpublished = "Slides - Create and share presenatations online",
    note = "[online; navštíveno 23.04.2019]",
    year = "2016",
    url = "http://slides.com/evanyou/progressive-javascript#/19"
}

@MISC{bib:vue-curve,
	author = "{Evan You}", 
    title = "{\it Comparison with Other Frameworks}", 
    howpublished = "Vue.js",
    note = "[online; navštíveno 24.04.2019]",
    year = "2019",
    url = "https://vuejs.org/v2/guide/comparison.html#Learning-Curve"
}
%TODO: not so sure about author

@MISC{bib:vue-binding,
	author = "{Anthony Gore}",
    title = "{\it Exploring Vue.js: Reactive Two-Way Data Binding}", 
    howpublished = "Medium - a place to read and write big ideas and important stories",
    note = "[online; navštíveno 24.04.2019]",
    year = "2016-09-19",
    url = "https://medium.com/js-dojo/exploring-vue-js-reactive-two-way-data-binding-da533d0c4554"
}

@MISC{bib:vue-router,
	author = "{Mike Wasson}",
    title = "{\it ASP.NET - Single-Page Applications: Build Modern, Responsive Web Apps with ASP.NET}", 
    howpublished = "MSDN - Learn to Develop with Microsoft Developer Network",
    note = "[online; navštíveno 24.04.2019]",
    year = "2013-11",
    url = "https://msdn.microsoft.com/en-us/magazine/dn463786.aspx"
}

@MISC{bib:vuex-doc,
	author = "{Evan You}", 
    title = "{\it What is Vuex?}", 
    howpublished = "Vuex",
    note = "[online; navštíveno 24.04.2019]",
    year = "2019",
    url = "https://vuex.vuejs.org"
}
%TODO not so sure about author and year

@MISC{bib:vuex-guide,
	author = "{Anthony Gore}",
    title = "{\it WTF is Vuex? A Beginner’s Guide To Vue’s Application Data Store}", 
    howpublished = "Medium - a place to read and write big ideas and important stories",
    note = "[online; navštíveno 25.04.2019]",
    year = "2016-11-30",
    url = "https://medium.com/js-dojo/vuex-for-the-clueless-the-missing-primer-on-vues-application-data-store-33fa51ffc3af"
}

@MISC{bib:elastic-concept,
	author = "{Elasticsearch B.V.}",
    title = "{\it Basic Concepts}", 
    howpublished = "Elasticsearch Reference [7.0]",
    note = "[online; navštíveno 29.04.2019]",
    year = "2019",
    url = "https://www.elastic.co/guide/en/elasticsearch/reference/current/getting-started-concepts.html"
}

@MISC{bib:bootstrap-modal,
	author = "{Bootstrap team}",
    title = "{\it Modal}", 
    howpublished = "Bootstrap - The most popular HTML, CSS and JS library in the world.",
    note = "[online; navštíveno 04.05.2019]",
    year = "2019",
    url = "https://getbootstrap.com/docs/4.3/components/modal/"
}

@MISC{bib:facet,
	author = "{Kathryn Whitenton}",
    title = "{\it Filters vs. Facets: Definitions}", 
    howpublished = "Nielsen Norman Group: UX Training, Consulting, \& Research",
    note = "[online; navštíveno 21.04.2019]",
    year = "2014-03-16",
    url = "https://www.nngroup.com/articles/filters-vs-facets/"
}

@MISC{bib:elastic-bucket,
	author = "{Elasticsearch B.V.}",
    title = "{\it Bucket Aggreagtions}", 
    howpublished = "Elasticsearch Reference [7.0]",
    note = "[online; navštíveno 21.04.2019]",
    year = "2019",
    url = "https://www.elastic.co/guide/en/elasticsearch/reference/current/search-aggregations-bucket.html"
}

@MISC{bib:elastic-fulltext,
	author = "{Luděk Veselý}",
    title = "{\it Seriál Elasticsearch: 4. Fulltextové vyhledávání v češtině}", 
    note = "[online; navštíveno 02.05.2019]",
    year = "2017-09-28",
    url = "https://www.ludekvesely.cz/serial-elasticsearch-4-fulltextove-vyhledavani-v-cestine/"
}

@MISC{bib:elastic-clients,
	author = "{Elasticsearch B.V.}",
    title = "{\it Elasticsearch Clients}", 
    howpublished = "Elasticsearch - Open Source Search \& Analytics",
    note = "[online; navštíveno 02.05.2019]",
    year = "2019",
    url = "https://www.elastic.co/guide/en/elasticsearch/client/index.html"
}

@MISC{bib:elastic-utils,
	author = "{Mozilla Foundation}",
    title = "{\it ElasticUtils}", 
    howpublished = "ElasticUtils dev documentation",
    note = "[online; navštíveno 03.05.2019]",
    year = "2015",
    url = "https://elasticutils.readthedocs.io/en/latest/"
}

@MISC{bib:elastic-dsl,
	author = "{Honza Král}",
    title = "{\it Elasticsearch DSL}", 
    howpublished = "Elasticsearch DSL 7.0.0 documentation",
    note = "[online; navštíveno 03.05.2019]",
    year = "2019",
    url = "https://elasticsearch-dsl.readthedocs.io/en/latest/"
}

@MISC{bib:funding-find,
	author = "{European Union}",
    title = "{\it Find a funding opportunity}", 
    howpublished = "European Commission",
    note = "[online; navštíveno 05.05.2019]",
    year = "2019",
    url = "https://ec.europa.eu/info/funding-tenders/how-eu-funding-works/how-get-funding/find-funding-opportunity_en"
}

@MISC{bib:funding-about,
	author = "{European Union}",
    title = "{\it About}", 
    howpublished = "European Commission",
    note = "[online; navštíveno 27.05.2019]",
    year = "2019",
    url = "https://ec.europa.eu/info/funding-tenders/opportunities/portal/screen/home"
}

@MISC{bib:elastic-context,
	author = "{Elasticsearch B.V.}",
    title = "{\it Query and filter context}", 
    howpublished = "Elasticsearch - Open Source Search \& Analytics",
    note = "[online; navštíveno 07.05.2019]",
    year = "2019",
    url = "https://www.elastic.co/guide/en/elasticsearch/reference/current/query-filter-context.html"
}

@article{bib:similarity-context,
  author    = {Zeljko Carevic and
               Sascha Sch{\"{u}}ller and
               Philipp Mayr and
               Norbert Fuhr},
  title     = {Contextualised Browsing in a Digital Library's Living Lab},
  journal   = {CoRR},
  volume    = {abs/1804.06426},
  year      = {2018},
  url       = {http://arxiv.org/abs/1804.06426},
  archivePrefix = {arXiv},
  eprint    = {1804.06426},
  timestamp = {Mon, 13 Aug 2018 16:46:26 +0200},
  biburl    = {https://dblp.org/rec/bib/journals/corr/abs-1804-06426},
  bibsource = {dblp computer science bibliography, https://dblp.org}
}

@article{bib:python,
    author = {Sanner, Michel},
    year = {1998},
    month = {11},
    pages = {},
    title = {Python: A Programming Language for Software Integration and Development},
    doi = {10.1016/S1093-3263(99)99999-0}
}
% https://pdfs.semanticscholar.org/409d/3f740518eafcfaadb054d9239009f3f34600.pdf

@inproceedings{bib:portal-use,
  title={User Satisfaction and Web Portal Use},
  author={Li Xiao and Subhasish Dasgupta},
  booktitle={AMCIS},
  year={2006}
}
% https://www.semanticscholar.org/paper/User-Satisfaction-and-Web-Portal-Use-Xiao-Dasgupta/70a3541cd690af53bd16e817aa79d9dcab54f8b3

@dataset{bib:ueq,
    author = {Schrepp, Martin},
    year = {2019},
    month = {08},
    pages = {},
    title = {User Experience Questionnaire Handbook}
}
% https://www.ueq-online.org/Material/Handbook.pdf

@article{bib:hedonic,
    title = "Functional quality and hedonic quality: A study of the dimensions of e-service quality in online travel agencies",
    journal = "Information & Management",
    volume = "49",
    number = "7",
    pages = "342 - 347",
    year = "2012",
    issn = "0378-7206",
    doi = "https://doi.org/10.1016/j.im.2012.06.005",
    url = "http://www.sciencedirect.com/science/article/pii/S0378720612000511",
    author = "Merce Bernardo and Frederic Marimon and María del Mar Alonso-Almeida",
}
% https://www.sciencedirect.com/science/article/abs/pii/S0378720612000511


@MISC{bib:scroll,
	author = "{Clicktale}",
    title = "{\it Clicktale scrolling research report V2.0 – Part 1: visibility and scroll reach}", 
    howpublished = "Clicktale blog",
    note = "[online; navštíveno 12.05.2019]",
    year = "2007-10-05",
    url = "https://www.clicktale.com/resources/blog/clicktale-scrolling-research-report-v20-part-1-visibility-and-scroll-reach/"
}.
